<?xml version="1.0" encoding="UTF-8"?><record xmlns="http://www.loc.gov/MARC21/slim" xmlns:cinclude="http://apache.org/cocoon/include/1.0" xmlns:zs="http://www.loc.gov/zing/srw/">
  <leader>00669nz  a2200169n  4500</leader>
  <controlfield tag="001">n 2009213249</controlfield>
  <controlfield tag="003">DLC</controlfield>
  <controlfield tag="005">20090317075312.0</controlfield>
  <controlfield tag="008">090316n| acannaabn          |a aaa      </controlfield>
  <datafield tag="010" ind1=" " ind2=" ">
    <subfield code="a">n 2009213249</subfield>
  </datafield>
  <datafield tag="040" ind1=" " ind2=" ">
    <subfield code="a">DLC</subfield>
    <subfield code="b">eng</subfield>
    <subfield code="c">DLC</subfield>
  </datafield>
  <datafield tag="100" ind1="1" ind2=" ">
    <subfield code="a">Jesus, Edivaldo de,</subfield>
    <subfield code="d">1957-</subfield>
  </datafield>
  <datafield tag="400" ind1="1" ind2=" ">
    <subfield code="a">De Jesus, Edivaldo,</subfield>
    <subfield code="d">1957-</subfield>
  </datafield>
  <datafield tag="400" ind1="1" ind2=" ">
    <subfield code="a">Di Jesus, Edivaldo,</subfield>
    <subfield code="d">1957-</subfield>
  </datafield>
  <datafield tag="400" ind1="1" ind2=" ">
    <subfield code="a">Carvalho, Edivaldo de Jesus Martins,</subfield>
    <subfield code="d">1957-</subfield>
  </datafield>
  <datafield tag="400" ind1="1" ind2=" ">
    <subfield code="a">Martins Carvalho, Edivaldo de Jesus,</subfield>
    <subfield code="d">1957-</subfield>
  </datafield>
  <datafield tag="670" ind1=" " ind2=" ">
    <subfield code="a">Belas Águas, 2006:</subfield>
    <subfield code="b">t.p. (Edivaldo de Jesus) t.p. verso (copr.: Edivaldo de Jesus Martins Carvalho) p. 101 (Edivaldo Di Jesus; artista plástico; b.Jan. 16, 1957, in Belas Águas, Maranhão)</subfield>
  </datafield>
</record>